@article{escardo2010selection,
  title={Selection functions, bar recursion and backward induction},
  author={Escard{\'o}, Martin and Oliva, Paulo},
  journal={Math. Struct. Comput. Sci.},
  volume={20},
  number={2},
  pages={127--168},
  year={2010}
}

@inproceedings{escardo2010sequential,
  title={What sequential games, the Tychonoff theorem and the double-negation shift have in common},
  author={Escard{\'o}, Martin and Oliva, Paulo},
  booktitle={Proceedings of the third ACM SIGPLAN workshop on Mathematically structured functional programming},
  pages={21--32},
  year={2010}
}

@book{bird2020algorithm,
  title={Algorithm Design with Haskell},
  author={Bird, Richard and Gibbons, Jeremy},
  year={2020},
  publisher={Cambridge University Press}
}
@article{escardo2011sequential,
  title={Sequential games and optimal strategies},
  author={Escard{\'o}, Martin and Oliva, Paulo},
  journal={Proceedings of the Royal Society A: Mathematical, Physical and Engineering Sciences},
  volume={467},
  number={2130},
  pages={1519--1545},
  year={2011},
  publisher={The Royal Society Publishing}
}
@article{hartmann2018selectionmonad,
        title={Finding optimal strategies in sequential games with the novel selection monad},
  author={Hartmann, Johannes},
  journal={arXiv preprint arXiv:2105.12514},
  year={2018}
}
@article{hartmann2021greedyselection,
        title={Greedy algorithms with the selection monad},
  author={Hartmann, Johannes},
}

@article{hedges2014monad,
  title={Monad transformers for backtracking search},
  author={Hedges, Jules},
  journal={arXiv preprint arXiv:1406.2058},
  year={2014}
}
@article{hedges2015selection,
  title={The selection monad as a CPS transformation},
  author={Hedges, Jules},
  journal={arXiv preprint arXiv:1503.06061},
  year={2015}
}
@phdthesis{hedges2016towards,
  title={Towards compositional game theory},
  school={Queen Mary University of London},
  author={Hedges, Julian M},
  year={2016}
}
@article{bolt2018sequential,
  title={Sequential games and nondeterministic selection functions},
  author={Bolt, Joe and Hedges, Jules and Zahn, Philipp},
  journal={arXiv preprint arXiv:1811.06810},
  year={2018}
}

@article{abadi2020smart,
  title={Smart Choices and the Selection Monad},
  author={Abadi, Martin and Plotkin, Gordon},
  journal={arXiv preprint arXiv:2007.08926},
  year={2020}
}
@misc{hartmann2022dependentBigOtimes,
author = {Hartmann, Johannes},
title = {{Dependently Typed Selection Monad}},
url = {https://github.com/IncredibleHannes/DependentlyTypedSelectionMonad},
version = {1.0.0},
year = {2022}
}

@article{prim1957shortest,
  title={Shortest connection networks and some generalizations},
  author={Prim, Robert Clay},
  journal={The Bell System Technical Journal},
  volume={36},
  number={6},
  pages={1389--1401},
  year={1957},
  publisher={Nokia Bell Labs}
}